@misc{data2019,
  author = {{Department for Transport}},
  title = {Road Safety Data},
  year = {2022},
  note = {\url{https://data.gov.uk/dataset/cb7ae6f0-4be6-4935-9277-47e5ce24a11f/road-safety-data/}},
}

@misc{stats2019,
	author = {{Department for Transport}},
	title={Road accident and safety statistics: quality and methodology},
 	url={https://www.gov.uk/guidance/road-accident-and-safety-statistics-quality-and-methodology},
 	year={2021}}
}
 	
@software{bs4,
  author = {Leonard Richardson},
  title = {Beautiful Soup},
  url = {https://www.crummy.com/software/BeautifulSoup/bs4/doc/#},
  version = {4.11.0.},
  date = {2021-04-20},
}

@misc{cities,
	author = {{Simple Maps}},
	title={United Kingdom Cities Database},
 	url={https://simplemaps.com/data/gb-cities},
 	year={2021}} 
}

@misc{sunrise_sunset,
	shorthand = {Sunrise, 2021},
	title={Sunrise and Sunset London 2019},
 	url={https://www.sunrise-and-sunset.com/en/sun/united-kingdom/london/2019/\},
 	year={2021}} 
}



@misc{fixtures,
	shorthand = {Fixture, 2021},
	title={ English Premier League 2019/20 fixture and results},
 	url={https://fixturedownload.com/results/epl-2019},
 	year={2022}} 
}


@misc{stadiums,
	author = {Doogal, 2022},
	title={UK football stadiums},
 	url={https://www.doogal.co.uk/FootballStadiums.php},
 	year={2022}} 
}

@article{anova,
title = {Analysis of variance (ANOVA)},
journal = {Chemometrics and Intelligent Laboratory Systems},
volume = {6},
number = {4},
pages = {259-272},
year = {1989},
issn = {0169-7439},
doi = {https://doi.org/10.1016/0169-7439(89)80095-4},
url = {https://www.sciencedirect.com/science/article/pii/0169743989800954},
author = {Lars Sthle and Svante Wold},
}

@misc{model-report,
	author = {Department for Transport},
	title={stimating and adjusting for changes in the method of severity reporting for road accidents and casualty data: final report},
 	url={https://assets.publishing.service.gov.uk/government/uploads/system/uploads/attachment_data/file/820588/severity-reporting-methodology-final-report.odt},
 	year={2019}}
}

@article{motorcycle,
title = {Motorcycle use in England},
journal = {National Travel Survey},
page = {8},
year = {2016},
url = {https://assets.publishing.service.gov.uk/government/uploads/system/uploads/attachment_data/file/694965/motorcycle-use-in-england.pdf},
author = {{Department for Transport}},
}

@article{smote,
  title={SMOTE: synthetic minority over-sampling technique},
  author={Chawla, Nitesh V and Bowyer, Kevin W and Hall, Lawrence O and Kegelmeyer, W Philip},
  journal={Journal of artificial intelligence research},
  volume={16},
  pages={321--357},
  year={2002}
}



